<record><leader>00000cas a22000007a 4500</leader><controlfield tag="001">35769870</controlfield><controlfield tag="008">961021d19231924okuwr n       0    0eng d</controlfield><datafield ind1=" " ind2=" " tag="010"><subfield code="a">sn 96093086 </subfield></datafield><datafield ind1=" " ind2=" " tag="040"><subfield code="a">OBN</subfield><subfield code="b">eng</subfield><subfield code="c">OBN</subfield><subfield code="d">OCLCQ</subfield><subfield code="d">OCLCO</subfield></datafield><datafield ind1="1" ind2=" " tag="029"><subfield code="a">AU@</subfield><subfield code="b">000012911328</subfield></datafield><datafield ind1=" " ind2=" " tag="042"><subfield code="a">msc</subfield></datafield><datafield ind1=" " ind2=" " tag="043"><subfield code="a">n-us-ok</subfield></datafield><datafield ind1="0" ind2=" " tag="130"><subfield code="a">Adair news (Adair, Okla.)</subfield></datafield><datafield ind1="1" ind2="4" tag="245"><subfield code="a">The Adair news.</subfield></datafield><datafield ind1=" " ind2=" " tag="260"><subfield code="a">Adair, Mayes County, Okla. :</subfield><subfield code="b">Roy Harding</subfield></datafield><datafield ind1=" " ind2=" " tag="300"><subfield code="a">v.</subfield></datafield><datafield ind1=" " ind2=" " tag="310"><subfield code="a">Weekly</subfield></datafield><datafield ind1="0" ind2=" " tag="362"><subfield code="a">Vol. 1, no. 1 (Sep. 27, 1923)-May 22, 1924.</subfield></datafield><datafield ind1=" " ind2=" " tag="580"><subfield code="a">Issued with: Mayes County republican, Sep. 27, 1923-May 22, 1924.</subfield></datafield><datafield ind1=" " ind2="0" tag="651"><subfield code="a">Adair (Okla.)</subfield><subfield code="v">Newspapers.</subfield></datafield><datafield ind1=" " ind2="0" tag="651"><subfield code="a">Mayes County (Okla.)</subfield><subfield code="v">Newspapers.</subfield></datafield><datafield ind1=" " ind2=" " tag="752"><subfield code="a">United States</subfield><subfield code="b">Oklahoma</subfield><subfield code="c">Mayes</subfield><subfield code="d">Adair.</subfield></datafield><datafield ind1="0" ind2=" " tag="777"><subfield code="t">Mayes County republican</subfield><subfield code="w">(DLC)sn 86064172</subfield><subfield code="w">(OCoLC)13686298</subfield></datafield></record>